@Book{HackMVC3,
	author = {Freeman, Adam and Sanderson, Steven},
	title = {Pro ASP.NET MVC 3 Framework},
	year = {2011},
	publisher = {Wrox}
}

@Book{wcf1,
	author = {Pathak, Nishith },
	title = {Pro WCF 4: Practical Microsoft SOA Implementation},
	year = {2011},
	publisher = {Apress}
}

@Misc{mic,
	author = {Microsoft},
	title = {http://msdn.microsoft.com/en-us/library/ms123401},
	year = {2012},
	publisher = {Microsoft}
}

@Misc{android1,
	author = {Android},
	title = {http://developer.android.com/guide/components/index.html},
	year = {2012},
	publisher = {Android}
}

@Misc{android2,
	author = {Android},
	title = {http://developer.android.com/reference/packages.html},
	year = {2012},
	publisher = {Android}
}